@book{pavliotis,
  title={Stochastic processes and applications},
  author={Pavliotis, Grigorios},
  year={2014},
  publisher={Springer}
}
